<record><leader>00000cas a2200000 a 4500</leader><controlfield tag="001">11517250</controlfield><controlfield tag="008">841220d18861918nyudn ne      0   a0eng c</controlfield><datafield ind1=" " ind2=" " tag="010"><subfield code="a">sn 84035756 </subfield></datafield><datafield ind1=" " ind2=" " tag="040"><subfield code="a">NYG</subfield><subfield code="b">eng</subfield><subfield code="c">NYG</subfield><subfield code="d">NPX</subfield><subfield code="d">DLC</subfield><subfield code="d">NYS</subfield><subfield code="d">DLC</subfield><subfield code="d">KRTAS</subfield><subfield code="d">OCLCQ</subfield><subfield code="d">OCLCF</subfield><subfield code="d">OCLCO</subfield><subfield code="d">DLC</subfield><subfield code="d">HUL</subfield></datafield><datafield ind1="0" ind2=" " tag="022"><subfield code="a">2469-8717</subfield><subfield code="l">2469-8717</subfield><subfield code="2">1</subfield></datafield><datafield ind1=" " ind2=" " tag="042"><subfield code="a">pcc</subfield><subfield code="a">nsdp</subfield></datafield><datafield ind1=" " ind2=" " tag="043"><subfield code="a">n-us-ny</subfield></datafield><datafield ind1="0" ind2="0" tag="050"><subfield code="a">Newspaper</subfield></datafield><datafield ind1="1" ind2="0" tag="082"><subfield code="a">071</subfield><subfield code="2">23</subfield></datafield><datafield ind1=" " ind2="4" tag="222"><subfield code="a">The Union and advertiser</subfield><subfield code="b">(Rochester, N.Y.)</subfield></datafield><datafield ind1="0" ind2="4" tag="245"><subfield code="a">The Union and advertiser.</subfield></datafield><datafield ind1=" " ind2=" " tag="260"><subfield code="a">Rochester, N.Y. :</subfield><subfield code="b">J. Curtis, W.F. Balkman &amp; W. Dove</subfield></datafield><datafield ind1=" " ind2=" " tag="300"><subfield code="a">33 v. :</subfield><subfield code="b">ill.</subfield></datafield><datafield ind1=" " ind2=" " tag="310"><subfield code="a">Daily</subfield></datafield><datafield ind1="0" ind2=" " tag="362"><subfield code="a">Vol. 61, no. 1 (Jan. 2, 1886)-v. 93, no. 59 (Mar. 11, 1918).</subfield></datafield><datafield ind1=" " ind2="0" tag="651"><subfield code="a">Rochester (N.Y.)</subfield><subfield code="v">Newspapers.</subfield></datafield><datafield ind1=" " ind2="0" tag="651"><subfield code="a">Monroe County (N.Y.)</subfield><subfield code="v">Newspapers.</subfield></datafield><datafield ind1=" " ind2="7" tag="651"><subfield code="a">New York (State)</subfield><subfield code="z">Monroe County.</subfield><subfield code="2">fast</subfield><subfield code="0">(OCoLC)fst01214388</subfield></datafield><datafield ind1=" " ind2="7" tag="651"><subfield code="a">New York (State)</subfield><subfield code="z">Rochester.</subfield><subfield code="2">fast</subfield><subfield code="0">(OCoLC)fst01204680</subfield></datafield><datafield ind1=" " ind2="7" tag="655"><subfield code="a">Newspapers.</subfield><subfield code="2">fast</subfield><subfield code="0">(OCoLC)fst01423814</subfield></datafield><datafield ind1=" " ind2=" " tag="752"><subfield code="a">United States</subfield><subfield code="b">New York</subfield><subfield code="c">Monroe</subfield><subfield code="d">Rochester.</subfield></datafield><datafield ind1="0" ind2=" " tag="775"><subfield code="t">Weekly union and advertiser</subfield><subfield code="x">2469-8733</subfield><subfield code="w">(DLC)sn 88074854</subfield><subfield code="w">(OCoLC)18728559</subfield></datafield><datafield ind1="0" ind2="0" tag="780"><subfield code="t">Rochester daily union and advertiser</subfield><subfield code="x">2469-8709</subfield><subfield code="w">(DLC)sn 84035767</subfield><subfield code="w">(OCoLC)11517236</subfield></datafield><datafield ind1="0" ind2="7" tag="785"><subfield code="t">Rochester evening times (Rochester, N.Y. : 1910)</subfield><subfield code="x">2469-942X</subfield><subfield code="w">(DLC)sn 88074449</subfield><subfield code="w">(OCoLC)18022542</subfield></datafield><datafield ind1="0" ind2="7" tag="785"><subfield code="t">Rochester times-union and advertiser</subfield><subfield code="x">2469-9578</subfield><subfield code="w">(DLC)sn 84031893</subfield><subfield code="w">(OCoLC)6028176</subfield></datafield><datafield ind1=" " ind2=" " tag="938"><subfield code="a">Kirtas Technologies, Inc.</subfield><subfield code="b">KRTS</subfield><subfield code="n">738939</subfield></datafield><datafield ind1="1" ind2=" " tag="029"><subfield code="a">AU@</subfield><subfield code="b">000020348831</subfield></datafield></record>